@article{knuth84,
  author     = {Donald E. Knuth},
  title      = {Literate Programming},
  journal    = {The Computer Journal},
  year       = {1984},
  number     = {2},
  volume     = {27},
  pages      = {97--111},
}

@book{knuth86a,
  author     = {Donald E. Knuth},
  title      = {The {\TeX}book},
  volume     = {A},
  publisher  = {Addison-Wesley},
  address    = {Reading, MA, USA},
  year       = {1986},
  series     = {Computers and Typesetting},
}

@book{lamport94,
  author     = {Leslie Lamport},
  title      = {{\LaTeX}: a Document Preparation System},
  publisher  = {Addison-Wesley},
  address    = {Reading, MA, USA},
  edition    = {2},
  year       = {1994},
}

@book{tlc2,
  author     = {Frank Mittelbach and Michel Goossens and Johannes
                 Braams and David Carlisle},
  title      = {The {\LaTeX} Companion},
  publisher  = {Addison-Wesley},
  address    = {Reading, MA, USA},
  edition    = {2},
  year       = {2004},
}


2.14.1 顺序编码制

@book{sunliguang2016jidi,
  editor     = {孙立广},
  title      = {极地科学前沿与热点：顶级期刊论文摘要汇编（1999—2010）},
  address    = {合肥},
  publisher  = {中国科学技术大学出版社},
  year       = {2016},
  pages      = {222},
}

@book{liyongchi2016zhangliang,
  author     = {李永池},
  title      = {张量初步和近代连续介质力学概论},
  edition    = {2},
  address    = {合肥},
  publisher  = {中国科学技术大学出版社},
  year       = {2016},
  pages      = {61},
}

@book{liujingshuang2014shidi,
  author     = {刘景双},
  title      = {湿地生态系统碳、氮、硫、磷生物地球化学过程},
  address    = {合肥},
  publisher  = {中国科学技术大学出版社},
  year       = {2014},
}

@book{crawford1995future,
  author     = {Crawford, Walt and Gorman, Michael},
  title      = {Future Libraries: Dreams, Madness, \& Reality},
  address    = {Chicago},
  publisher  = {American Library Association},
  year       = {1995},
}

@book{ifla1977names,
  author     = {{International Federation of Library Association and Institutions}},
  title      = {Names of Persons: National Usage for Entry in Catalogues},
  edition    = {3},
  address    = {London},
  publisher  = {IFLA Internation Office for UBC},
  year       = {1977},
}

@incollection{chenggenwei1999hongshui,
  author     = {程根伟},
  title      = {1998年长江洪水的成因与减灾对策},
  editor     = {许厚泽 and 赵其国},
  booktitle  = {长江流域洪涝灾害与科技对策},
  address    = {北京},
  publisher  = {科学出版社},
  year       = {1999},
  pages      = {26--32},
}

@incollection{chenjinbiao1980jixian,
  author     = {陈晋镳 and 张惠民 and 朱士兴 and 赵震 and 王振刚},
  title      = {蓟县震旦亚界研究},
  editor     = {中国地质科学院天津地质矿产研究所},
  booktitle  = {中国震旦亚界},
  address    = {天津},
  publisher  = {天津科学技术出版社},
  year       = {1980},
  pages      = {56--114},
}

@incollection{buseck2018subsolidus,
  title      = {Subsolidus Phenomena in Pyroxenes},
  author     = {Buseck, Peter R and Nord, Jr., Gordon L and Veblen, David R},
  editor     = {Charles T. Prewitt},
  booktitle  = {Pyroxenes},
  address    = {Washington, D.C.},
  publisher  = {Mineralogical Society of America},
  year       = {1980},
  pages      = {117--212},
}

@inproceedings{fourney1971advances,
  author     = {Fourney, M E},
  title      = {Advances in Holographic Photoelasticity},
  booktitle  = {American Society of Mechanical Engineers．Applied Mechanics Division．Symposium on Applications of Holography in Mechanics, August 23-25,1971,University of Southern California, Los Angeles, California},
  address    = {New York},
  publisher  = {ASME},
  year       = {1971},
  pages      = {17--38},
}

@article{kongqingyong2015keji,
  author     = {孔庆勇 and 郭红健 and 孔庆和},
  title      = {我国科技期刊的金字塔分层模型及发展路径初探},
  journal    = {中国科技期刊研究},
  year       = {2015},
  volume     = {26},
  number     = {10},
  pages      = {1100--1103},
}

@article{yanghongsheng2013siku,
  author     = {杨洪升},
  title      = {四库馆私家抄校书考略},
  journal    = {文献},
  year       = {2013},
  number     = {1},
  pages      = {56--75},
}

@article{yuxiao2012hulianwang,
  author     = {于潇 and 刘义 and 柴跃廷 and others},
  title      = {互联网药品可信交易环境中主体资质审核备案模式},
  journal    = {清华大学学报(自然科学版)},
  year       = {2012},
  volume     = {52},
  number     = {11},
  pages      = {1518--1521},
}

@article{desmarais1992carbon,
  author     = {Des Marais, David J and Strauss, H and Summons, R E and others},
  title      = {Carbon Isotope Evidence for the Stepwise Oxidation of the Proterozoic Environment},
  journal    = {Nature},
  year       = {1992},
  volume     = {359},
  pages      = {605--609},
}

@article{hewitt1984technical,
  title      = {Technical Services in 1983},
  author     = {HEWITT, Joe A},
  journal    = {Library Resource Services},
  year       = {1984},
}

@newspaper{dingwenxiang2000shuzi,
  author     = {丁文详},
  title      = {数字革命与竞争国际化},
  journal    = {中国青年报},
  year       = {2000},
  date       = {2000-11-20},
  number     = {15},
}

@patent{jiangxizhou1989waifu,
  author     = {姜锡洲},
  title      = {一种温热外敷药制备方案},
  address    = {中国},
  number     = {88105607.3},
  year       = {1989},
  date       = {1989-07-26},
}

@database{wanjinkun1996wenzhai,
  author     = {万锦坤},
  title      = {中国大学学报论文文摘（1983--1993）（英文版）},
  medium     = {CD},
  address    = {北京},
  publisher  = {中国大百科全书出版社},
  year       = {1996},
}

@article{christine1998plant,
  title      = {Plant physiology: Plant Biology in the {Genome Era}},
  author     = {Mlot, Christine},
  journal    = {Science},
  volume     = {281},
  pages      = {331--332},
  year       = {1998},
  urldate    = {1998-09-23},
}

@phdthesis{sunyuwen2000hanyu,
  author     = {孙玉文},
  title      = {汉语变调构词研究},
  address    = {北京},
  school     = {北京大学},
  year       = {2000},
}

@phdthesis{cairns1965infrared,
  author     = {Cairns, Bruce Richard},
  title      = {Infrared Spectroscopic Studies of Solid Oxygen},
  address    = {Berkeley},
  school     = {Univ. of California},
  date       = {1965},
}

@proceedings{lixuexuehui1990lunwenji,
  title      = {第 3 届全国实验流体力学学术会议论文集},
  editor     = {中国力学学会},
  address    = {天津},
  year       = {1990},
}

@proceedings{rosenthall1963mathematical,
  editor     = {Rosenthall, Edward M},
  title      = {Proceedings of the Fifth Canadian Mathematical Congress, University of Montreal, 1961},
  address    = {Toronto},
  publisher  = {University of Toronto Press},
  year       = {1963},
}


2.14.2 著者-出版年制

@book{baker1995future,
  author     = {Baker, S K and Jackson, M E},
  title      = {The Future of Resource Sharing},
  address    = {New York},
  publisher  = {The Haworth Press},
  year       = {1995},
}

@book{nigeluopangdi1996shuzi,
  author     = {尼葛洛庞帝},
  title      = {数字化生存},
  translator = {胡泳 and 范海燕},
  address    = {海口},
  publisher  = {海南出版社},
  year       = {1996},
  key        = {ni2 ge3 luo4 pang2 di4},
}

@article{yangzongying1996dianzi,
  author     = {杨宗英},
  title      = {电子图书馆的现实模型},
  journal    = {中国图书馆学报},
  year       = {1996},
  number     = {2},
  pages      = {24--29},
  key        = {yang2 zong1 ying1},
}

@book{liubin2014lixue,
  author     = {刘斌},
  title      = {力学},
  address    = {合肥},
  puslisher  = {中国科学技术大学出版社},
  pages      = {24--29},
  year       = {2014},
  key        = {yang2 zong1 ying1},
}


本科毕业论文（设计）参考文献式样

@article{liuliuwenfu2000wangluo,
  author     = {刘文富 and 顾丽梅},
  title      = {网络时代经济发展战略特征},
  journal    = {学术研究},
  year       = {2000},
  volume     = {21},
  number     = {4},
  pages      = {35--40},
}

@book{xiaodu2000zhishi,
  author     = {肖渡 and 沈群红 and 张芸 and 胡汉辉},
  title      = {知识时代的企业合作经营},
  address    = {北京},
  publisher  = {北京大学出版社},
  year       = {2000},
  pages      = {67--69},
}

@techreport{whitehouse1993technology,
  author     = {{The White House}},
  title      = {Technology for Economic Growth},
  address    = {Washington},
  year       = {1993},
}

@article{huston1992vibrational,
  author     = {Hutson, Jeremy M},
  title      = {Vibrational dependence of the anisotropic intermolecular potential of argon-hydrogen chloride},
  journal    = {J. Phys. Chem.},
  year       = {1992},
  volume     = {96},
  pages      = {4237},
}

@inproceedings{resnet,
  title = {Deep {{Residual Learning}} for {{Image Recognition}}},
  booktitle = {2016 {{IEEE Conference}} on {{Computer Vision}} and {{Pattern Recognition}}, {{CVPR}} 2016, {{Las Vegas}}, {{NV}}, {{USA}}, {{June}} 27-30, 2016},
  author = {He, Kaiming and Zhang, Xiangyu and Ren, Shaoqing and Sun, Jian},
  year = {2016},
  pages = {770--778},
  publisher = {{IEEE Computer Society}}
}

@inproceedings{vgg,
  title = {Very {{Deep Convolutional Networks}} for {{Large-Scale Image Recognition}}},
  booktitle = {3rd {{International Conference}} on {{Learning Representations}}, {{ICLR}} 2015, {{San Diego}}, {{CA}}, {{USA}}, {{May}} 7-9, 2015, {{Conference Track Proceedings}}},
  author = {Simonyan, Karen and Zisserman, Andrew},
  year = {2015}
}

@inproceedings{xnornet,
  title = {{{XNOR-Net}}: {{ImageNet Classification Using Binary Convolutional Neural Networks}}},
  shorttitle = {{{XNOR-Net}}},
  booktitle = {Computer {{Vision}} \textendash{} {{ECCV}} 2016},
  author = {Rastegari, Mohammad and Ordonez, Vicente and Redmon, Joseph and Farhadi, Ali},
  year = {2016},
  series = {Lecture {{Notes}} in {{Computer Science}}},
  pages = {525--542},
}

@article{ua,
  title = {Multilayer Feedforward Networks Are Universal Approximators},
  author = {Hornik, Kurt and Stinchcombe, Maxwell B. and White, Halbert},
  year = {1989},
  journal = {Neural Networks},
  volume = {2},
  number = {5},
  pages = {359--366}
}

@article{abcnet,
  title = {Towards {{Accurate Binary Convolutional Neural Network}}},
  author = {Lin, Xiaofan and Zhao, Cong and Pan, Wei},
  year = {2017},
  journal = {arXiv:1711.11294 [cs, stat]},
  eprint = {1711.11294},
  eprinttype = {arxiv},
  primaryclass = {cs, stat},
  archiveprefix = {arXiv}
}

@inproceedings{meliusnet,
  title = {{{MeliusNet}}: {{An Improved Network Architecture}} for {{Binary Neural Networks}}},
  booktitle = {{{IEEE Winter Conference}} on {{Applications}} of {{Computer Vision}}, {{WACV}} 2021, {{Waikoloa}}, {{HI}}, {{USA}}, {{January}} 3-8, 2021},
  author = {Bethge, Joseph and Bartz, Christian and Yang, Haojin and Chen, Ying and Meinel, Christoph},
  year = {2021},
  pages = {1438--1447},
  publisher = {{IEEE}}
}

@inproceedings{unbalance,
  title = {Improving {{Accuracy}} of {{Binary Neural Networks Using Unbalanced Activation Distribution}}},
  booktitle = {{{IEEE Conference}} on {{Computer Vision}} and {{Pattern Recognition}}, {{CVPR}} 2021, Virtual, {{June}} 19-25, 2021},
  author = {Kim, Hyungjun and Park, Jihoon and Lee, Changhun and Kim, Jae-Joon},
  year = {2021},
  pages = {7862--7871},
  publisher = {{Computer Vision Foundation / IEEE}}
}

@inproceedings{birealnet,
  title = {Bi-{{Real Net}}: {{Enhancing}} the {{Performance}} of 1-{{Bit CNNs}} with {{Improved Representational Capability}} and {{Advanced Training Algorithm}}},
  booktitle = {Computer {{Vision}} - {{ECCV}} 2018 - 15th {{European Conference}}, {{Munich}}, {{Germany}}, {{September}} 8-14, 2018, {{Proceedings}}, {{Part XV}}},
  author = {Liu, Zechun and Wu, Baoyuan and Luo, Wenhan and Yang, Xin and Liu, Wei and Cheng, Kwang-Ting},
  year = {2018},
  series = {Lecture {{Notes}} in {{Computer Science}}},
  volume = {11219},
  pages = {747--763},
  publisher = {{Springer}}
}

@inproceedings{reactnet,
  title = {{{ReActNet}}: {{Towards Precise Binary Neural Network}} with {{Generalized Activation Functions}}},
  booktitle = {Computer {{Vision}} - {{ECCV}} 2020 - 16th {{European Conference}}, {{Glasgow}}, {{UK}}, {{August}} 23-28, 2020, {{Proceedings}}, {{Part XIV}}},
  author = {Liu, Zechun and Shen, Zhiqiang and Savvides, Marios and Cheng, Kwang-Ting},
  year = {2020},
  series = {Lecture {{Notes}} in {{Computer Science}}},
  volume = {12359},
  pages = {143--159},
  publisher = {{Springer}}
}

@article{mobilenet,
  title = {{{MobileNets}}: {{Efficient Convolutional Neural Networks}} for {{Mobile Vision Applications}}},
  author = {Howard, Andrew G. and Zhu, Menglong and Chen, Bo and Kalenichenko, Dmitry and Wang, Weijun and Weyand, Tobias and Andreetto, Marco and Adam, Hartwig},
  year = {2017},
  eprint = {1704.04861},
  eprinttype = {arxiv},
  archiveprefix = {arXiv}
}

@article{squeezenet,
  title = {{{SqueezeNet}}: {{AlexNet-level}} Accuracy with 50x Fewer Parameters and {$<$}{{1MB}} Model Size},
  author = {Iandola, Forrest N. and Moskewicz, Matthew W. and Ashraf, Khalid and Han, Song and Dally, William J. and Keutzer, Kurt},
  year = {2016},
  eprint = {1602.07360},
  eprinttype = {arxiv},
  archiveprefix = {arXiv}
}

@inproceedings{shufflenet,
  title = {{{ShuffleNet}}: {{An Extremely Efficient Convolutional Neural Network}} for {{Mobile Devices}}},
  booktitle = {2018 {{IEEE Conference}} on {{Computer Vision}} and {{Pattern Recognition}}, {{CVPR}} 2018, {{Salt Lake City}}, {{UT}}, {{USA}}, {{June}} 18-22, 2018},
  author = {Zhang, Xiangyu and Zhou, Xinyu and Lin, Mengxiao and Sun, Jian},
  year = {2018},
  pages = {6848--6856},
  publisher = {{Computer Vision Foundation / IEEE Computer Society}}
}

@inproceedings{han2015learning,
  title = {Learning Both {{Weights}} and {{Connections}} for {{Efficient Neural Network}}},
  booktitle = {Advances in {{Neural Information Processing Systems}} 28: {{Annual Conference}} on {{Neural Information Processing Systems}} 2015, {{December}} 7-12, 2015, {{Montreal}}, {{Quebec}}, {{Canada}}},
  author = {Han, Song and Pool, Jeff and Tran, John and Dally, William J.},
  year = {2015},
  pages = {1135--1143}
}

@inproceedings{he2017channel,
  title = {Channel {{Pruning}} for {{Accelerating Very Deep Neural Networks}}},
  booktitle = {{{IEEE International Conference}} on {{Computer Vision}}, {{ICCV}} 2017, {{Venice}}, {{Italy}}, {{October}} 22-29, 2017},
  author = {He, Yihui and Zhang, Xiangyu and Sun, Jian},
  year = {2017},
  pages = {1398--1406},
  publisher = {{IEEE Computer Society}}
}

@inproceedings{denton2014exploiting,
  title = {Exploiting {{Linear Structure Within Convolutional Networks}} for {{Efficient Evaluation}}},
  booktitle = {Advances in {{Neural Information Processing Systems}} 27: {{Annual Conference}} on {{Neural Information Processing Systems}} 2014, {{December}} 8-13 2014, {{Montreal}}, {{Quebec}}, {{Canada}}},
  author = {Denton, Emily L. and Zaremba, Wojciech and Bruna, Joan and LeCun, Yann and Fergus, Rob},
  year = {2014},
  pages = {1269--1277}
}

@inproceedings{lebedev2016fast,
  title = {Fast {{ConvNets Using Group-Wise Brain Damage}}},
  booktitle = {2016 {{IEEE Conference}} on {{Computer Vision}} and {{Pattern Recognition}}, {{CVPR}} 2016, {{Las Vegas}}, {{NV}}, {{USA}}, {{June}} 27-30, 2016},
  author = {Lebedev, Vadim and Lempitsky, Victor S.},
  year = {2016},
  pages = {2554--2564},
  publisher = {{IEEE Computer Society}}
}

@incollection{fukushima1982neocognitron,
  title = {Neocognitron: {{A}} Self-Organizing Neural Network Model for a Mechanism of Visual Pattern Recognition},
  booktitle = {Competition and Cooperation in Neural Nets},
  author = {Fukushima, Kunihiko and Miyake, Sei},
  year = {1982},
  pages = {267--285},
  publisher = {{Springer}}
}

@inproceedings{alexnet,
  title = {{{ImageNet Classification}} with {{Deep Convolutional Neural Networks}}},
  booktitle = {Advances in {{Neural Information Processing Systems}} 25: 26th {{Annual Conference}} on {{Neural Information Processing Systems}} 2012. {{Proceedings}} of a Meeting Held {{December}} 3-6, 2012, {{Lake Tahoe}}, {{Nevada}}, {{United States}}},
  author = {Krizhevsky, Alex and Sutskever, Ilya and Hinton, Geoffrey E.},
  year = {2012},
  pages = {1106--1114}
}

@inproceedings{xu2021layerwisea,
  title = {Layer-{{Wise Searching}} for 1-{{Bit Detectors}}},
  booktitle = {{{IEEE Conference}} on {{Computer Vision}} and {{Pattern Recognition}}, {{CVPR}} 2021, Virtual, {{June}} 19-25, 2021},
  author = {Xu, Sheng and Zhao, Junhe and Lu, Jinhu and Zhang, Baochang and Han, Shumin and Doermann, David S.},
  year = {2021},
  pages = {5682--5691},
  publisher = {{Computer Vision Foundation / IEEE}}
}

@inproceedings{zoph2017neural,
  title = {Neural {{Architecture Search}} with {{Reinforcement Learning}}},
  booktitle = {5th {{International Conference}} on {{Learning Representations}}, {{ICLR}} 2017, {{Toulon}}, {{France}}, {{April}} 24-26, 2017, {{Conference Track Proceedings}}},
  author = {Zoph, Barret and Le, Quoc V.},
  year = {2017},
  publisher = {{OpenReview.net}}
}

@misc{darts,
  title = {{{DARTS}}: {{Differentiable Architecture Search}}},
  author = {Liu, Hanxiao and Simonyan, Karen and Yang, Yiming},
  year = {2019},
  eprint = {1806.09055},
  eprinttype = {arxiv},
  primaryclass = {cs.LG},
  archiveprefix = {arXiv},
  annotation = {Published at ICLR 2019}
}

@inproceedings{zoph2018learning,
  title = {Learning {{Transferable Architectures}} for {{Scalable Image Recognition}}},
  booktitle = {2018 {{IEEE Conference}} on {{Computer Vision}} and {{Pattern Recognition}}, {{CVPR}} 2018, {{Salt Lake City}}, {{UT}}, {{USA}}, {{June}} 18-22, 2018},
  author = {Zoph, Barret and Vasudevan, Vijay and Shlens, Jonathon and Le, Quoc V.},
  year = {2018},
  pages = {8697--8710},
  publisher = {{Computer Vision Foundation / IEEE Computer Society}}
}

@inproceedings{pham2018efficient,
  title = {Efficient {{Neural Architecture Search}} via {{Parameter Sharing}}},
  booktitle = {Proceedings of the 35th {{International Conference}} on {{Machine Learning}}, {{ICML}} 2018, {{Stockholmsm\"assan}}, {{Stockholm}}, {{Sweden}}, {{July}} 10-15, 2018},
  author = {Pham, Hieu and Guan, Melody Y. and Zoph, Barret and Le, Quoc V. and Dean, Jeff},
  year = {2018},
  series = {Proceedings of {{Machine Learning Research}}},
  volume = {80},
  pages = {4092--4101},
  publisher = {{PMLR}}
}

@inproceedings{liu2018hierarchical,
  title = {Hierarchical {{Representations}} for {{Efficient Architecture Search}}},
  booktitle = {6th {{International Conference}} on {{Learning Representations}}, {{ICLR}} 2018, {{Vancouver}}, {{BC}}, {{Canada}}, {{April}} 30 - {{May}} 3, 2018, {{Conference Track Proceedings}}},
  author = {Liu, Hanxiao and Simonyan, Karen and Vinyals, Oriol and Fernando, Chrisantha and Kavukcuoglu, Koray},
  year = {2018},
  publisher = {{OpenReview.net}}
}

@inproceedings{real2019regularized,
  title = {Regularized {{Evolution}} for {{Image Classifier Architecture Search}}},
  booktitle = {The {{Thirty-Third AAAI Conference}} on {{Artificial Intelligence}}, {{AAAI}} 2019, {{The Thirty-First Innovative Applications}} of {{Artificial Intelligence Conference}}, {{IAAI}} 2019, {{The Ninth AAAI Symposium}} on {{Educational Advances}} in {{Artificial Intelligence}}, {{EAAI}} 2019, {{Honolulu}}, {{Hawaii}}, {{USA}}, {{January}} 27 - {{February}} 1, 2019},
  author = {Real, Esteban and Aggarwal, Alok and Huang, Yanping and Le, Quoc V.},
  year = {2019},
  pages = {4780--4789},
  publisher = {{AAAI Press}}
}

@inproceedings{bwnh,
  title = {From {{Hashing}} to {{CNNs}}: {{Training Binary Weight Networks}} via {{Hashing}}},
  booktitle = {Proceedings of the {{Thirty-Second AAAI Conference}} on {{Artificial Intelligence}}, ({{AAAI-18}}), the 30th Innovative {{Applications}} of {{Artificial Intelligence}} ({{IAAI-18}}), and the 8th {{AAAI Symposium}} on {{Educational Advances}} in {{Artificial Intelligence}} ({{EAAI-18}}), {{New Orleans}}, {{Louisiana}}, {{USA}}, {{February}} 2-7, 2018},
  author = {Hu, Qinghao and Wang, Peisong and Cheng, Jian},
  year = {2018},
  pages = {3247--3254},
  publisher = {{AAAI Press}}
}

@inproceedings{wrpn,
  title = {{{WRPN}}: {{Wide Reduced-Precision Networks}}},
  booktitle = {6th {{International Conference}} on {{Learning Representations}}, {{ICLR}} 2018, {{Vancouver}}, {{BC}}, {{Canada}}, {{April}} 30 - {{May}} 3, 2018, {{Conference Track Proceedings}}},
  author = {Mishra, Asit K. and Nurvitadhi, Eriko and Cook, Jeffrey J. and Marr, Debbie},
  year = {2018},
  publisher = {{OpenReview.net}}
}

@inproceedings{xnornet++,
  title = {{{XNOR-Net}}++: {{Improved}} Binary Neural Networks},
  booktitle = {30th {{British Machine Vision Conference}} 2019, {{BMVC}} 2019, {{Cardiff}}, {{UK}}, {{September}} 9-12, 2019},
  author = {Bulat, Adrian and Tzimiropoulos, Georgios},
  year = {2019},
  pages = {62},
  publisher = {{BMVA Press}}
}

@inproceedings{tsq,
  title = {Two-{{Step Quantization}} for {{Low-Bit Neural Networks}}},
  booktitle = {2018 {{IEEE Conference}} on {{Computer Vision}} and {{Pattern Recognition}}, {{CVPR}} 2018, {{Salt Lake City}}, {{UT}}, {{USA}}, {{June}} 18-22, 2018},
  author = {Wang, Peisong and Hu, Qinghao and Zhang, Yifan and Zhang, Chunjie and Liu, Yang and Cheng, Jian},
  year = {2018},
  pages = {4376--4384},
  publisher = {{Computer Vision Foundation / IEEE Computer Society}}
}

@article{bnn+,
  title = {{{BNN}}+: {{Improved Binary Network Training}}},
  author = {Darabi, Sajad and Belbahri, Mouloud and Courbariaux, Matthieu and Nia, Vahid Partovi},
  year = {2018},
  eprint = {1812.11800},
  eprinttype = {arxiv},
  archiveprefix = {arXiv}
}

@inproceedings{irnet,
  title = {Forward and {{Backward Information Retention}} for {{Accurate Binary Neural Networks}}},
  booktitle = {2020 {{IEEE}}/{{CVF Conference}} on {{Computer Vision}} and {{Pattern Recognition}}, {{CVPR}} 2020, {{Seattle}}, {{WA}}, {{USA}}, {{June}} 13-19, 2020},
  author = {Qin, Haotong and Gong, Ruihao and Liu, Xianglong and Shen, Mingzhu and Wei, Ziran and Yu, Fengwei and Song, Jingkuan},
  year = {2020},
  pages = {2247--2256},
  publisher = {{Computer Vision Foundation / IEEE}}
}

@inproceedings{lab,
  title = {Loss-Aware {{Binarization}} of {{Deep Networks}}},
  booktitle = {5th {{International Conference}} on {{Learning Representations}}, {{ICLR}} 2017, {{Toulon}}, {{France}}, {{April}} 24-26, 2017, {{Conference Track Proceedings}}},
  author = {Hou, Lu and Yao, Quanming and Kwok, James T.},
  year = {2017},
  publisher = {{OpenReview.net}}
}

@inproceedings{ding2019regularizing,
  title = {Regularizing {{Activation Distribution}} for {{Training Binarized Deep Networks}}},
  booktitle = {{{IEEE Conference}} on {{Computer Vision}} and {{Pattern Recognition}}, {{CVPR}} 2019, {{Long Beach}}, {{CA}}, {{USA}}, {{June}} 16-20, 2019},
  author = {Ding, Ruizhou and Chin, Ting-Wu and Liu, Zeye and Marculescu, Diana},
  year = {2019},
  pages = {11408--11417},
  publisher = {{Computer Vision Foundation / IEEE}}
}

@inproceedings{realtobin,
  title = {Training Binary Neural Networks with Real-to-Binary Convolutions},
  booktitle = {8th {{International Conference}} on {{Learning Representations}}, {{ICLR}} 2020, {{Addis Ababa}}, {{Ethiopia}}, {{April}} 26-30, 2020},
  author = {Mart{\'i}nez, Brais and Yang, Jing and Bulat, Adrian and Tzimiropoulos, Georgios},
  year = {2020},
  publisher = {{OpenReview.net}}
}

@inproceedings{yan2020accurate,
  title = {Towards {{Accurate Low Bit-Width Quantization}} with {{Multiple Phase Adaptations}}},
  booktitle = {The {{Thirty-Fourth AAAI Conference}} on {{Artificial Intelligence}}, {{AAAI}} 2020, {{The Thirty-Second Innovative Applications}} of {{Artificial Intelligence Conference}}, {{IAAI}} 2020, {{The Tenth AAAI Symposium}} on {{Educational Advances}} in {{Artificial Intelligence}}, {{EAAI}} 2020, {{New York}}, {{NY}}, {{USA}}, {{February}} 7-12, 2020},
  author = {Yan, Zhaoyi and Shi, Yemin and Wang, Yaowei and Tan, Mingkui and Li, Zheyang and Tan, Wenming and Tian, Yonghong},
  year = {2020},
  pages = {6591--6598},
  publisher = {{AAAI Press}}
}

@inproceedings{wang2020apq,
  title = {{{APQ}}: {{Joint Search}} for {{Network Architecture}}, {{Pruning}} and {{Quantization Policy}}},
  booktitle = {2020 {{IEEE}}/{{CVF Conference}} on {{Computer Vision}} and {{Pattern Recognition}}, {{CVPR}} 2020, {{Seattle}}, {{WA}}, {{USA}}, {{June}} 13-19, 2020},
  author = {Wang, Tianzhe and Wang, Kuan and Cai, Han and Lin, Ji and Liu, Zhijian and Wang, Hanrui and Lin, Yujun and Han, Song},
  year = {2020},
  pages = {2075--2084},
  publisher = {{Computer Vision Foundation / IEEE}}
}

@inproceedings{cai2020zeroq,
  title = {{{ZeroQ}}: {{A Novel Zero Shot Quantization Framework}}},
  booktitle = {2020 {{IEEE}}/{{CVF Conference}} on {{Computer Vision}} and {{Pattern Recognition}}, {{CVPR}} 2020, {{Seattle}}, {{WA}}, {{USA}}, {{June}} 13-19, 2020},
  author = {Cai, Yaohui and Yao, Zhewei and Dong, Zhen and Gholami, Amir and Mahoney, Michael W. and Keutzer, Kurt},
  year = {2020},
  pages = {13166--13175},
  publisher = {{Computer Vision Foundation / IEEE}}
}

@inproceedings{dai2021general,
  title = {General {{Instance Distillation}} for {{Object Detection}}},
  booktitle = {{{IEEE Conference}} on {{Computer Vision}} and {{Pattern Recognition}}, {{CVPR}} 2021, Virtual, {{June}} 19-25, 2021},
  author = {Dai, Xing and Jiang, Zeren and Wu, Zhao and Bao, Yiping and Wang, Zhicheng and Liu, Si and Zhou, Erjin},
  year = {2021},
  pages = {7842--7851},
  publisher = {{Computer Vision Foundation / IEEE}}
}

@article{du2022distilling,
  title = {Distilling {{Object Detectors}} with {{Feature Richness}}},
  author = {Du, Zhixing and Zhang, Rui and Chang, Ming and Zhang, Xishan and Liu, Shaoli and Chen, Tianshi and Chen, Yunji},
  year = {2022},
  eprint = {2111.00674},
  eprinttype = {arxiv},
  archiveprefix = {arXiv}
}

@article{hinton2015distilling,
  title = {Distilling the {{Knowledge}} in a {{Neural Network}}},
  author = {Hinton, Geoffrey E. and Vinyals, Oriol and Dean, Jeffrey},
  year = {2015},
  eprint = {1503.02531},
  eprinttype = {arxiv},
  archiveprefix = {arXiv}
}

@inproceedings{se,
  title = {Squeeze-and-{{Excitation Networks}}},
  booktitle = {2018 {{IEEE Conference}} on {{Computer Vision}} and {{Pattern Recognition}}, {{CVPR}} 2018, {{Salt Lake City}}, {{UT}}, {{USA}}, {{June}} 18-22, 2018},
  author = {Hu, Jie and Shen, Li and Sun, Gang},
  year = {2018},
  pages = {7132--7141},
  publisher = {{Computer Vision Foundation / IEEE Computer Society}}
}

@inproceedings{expert,
  title = {High-{{Capacity Expert Binary Networks}}},
  booktitle = {9th {{International Conference}} on {{Learning Representations}}, {{ICLR}} 2021, {{Virtual Event}}, {{Austria}}, {{May}} 3-7, 2021},
  author = {Bulat, Adrian and Mart{\'i}nez, Brais and Tzimiropoulos, Georgios},
  year = {2021},
  publisher = {{OpenReview.net}}
}

@inproceedings{regnet,
  title = {Designing {{Network Design Spaces}}},
  booktitle = {2020 {{IEEE}}/{{CVF Conference}} on {{Computer Vision}} and {{Pattern Recognition}}, {{CVPR}} 2020, {{Seattle}}, {{WA}}, {{USA}}, {{June}} 13-19, 2020},
  author = {Radosavovic, Ilija and Kosaraju, Raj Prateek and Girshick, Ross B. and He, Kaiming and Doll{\'a}r, Piotr},
  year = {2020},
  pages = {10425--10433},
  publisher = {{Computer Vision Foundation / IEEE}}
}

@inproceedings{pcnn,
  title = {Projection {{Convolutional Neural Networks}} for 1-Bit {{CNNs}} via {{Discrete Back Propagation}}},
  booktitle = {The {{Thirty-Third AAAI Conference}} on {{Artificial Intelligence}}, {{AAAI}} 2019, {{The Thirty-First Innovative Applications}} of {{Artificial Intelligence Conference}}, {{IAAI}} 2019, {{The Ninth AAAI Symposium}} on {{Educational Advances}} in {{Artificial Intelligence}}, {{EAAI}} 2019, {{Honolulu}}, {{Hawaii}}, {{USA}}, {{January}} 27 - {{February}} 1, 2019},
  author = {Gu, Jiaxin and Li, Ce and Zhang, Baochang and Han, Jungong and Cao, Xianbin and Liu, Jianzhuang and Doermann, David S.},
  year = {2019},
  pages = {8344--8351},
  publisher = {{AAAI Press}}
}

@inproceedings{cibcnn,
  title = {Learning {{Channel-Wise Interactions}} for {{Binary Convolutional Neural Networks}}},
  booktitle = {{{IEEE Conference}} on {{Computer Vision}} and {{Pattern Recognition}}, {{CVPR}} 2019, {{Long Beach}}, {{CA}}, {{USA}}, {{June}} 16-20, 2019},
  author = {Wang, Ziwei and Lu, Jiwen and Tao, Chenxin and Zhou, Jie and Tian, Qi},
  year = {2019},
  pages = {568--577},
  publisher = {{Computer Vision Foundation / IEEE}}
}

@inproceedings{bn,
  title = {Batch {{Normalization}}: {{Accelerating Deep Network Training}} by {{Reducing Internal Covariate Shift}}},
  booktitle = {Proceedings of the 32nd {{International Conference}} on {{Machine Learning}}, {{ICML}} 2015, {{Lille}}, {{France}}, 6-11 {{July}} 2015},
  author = {Ioffe, Sergey and Szegedy, Christian},
  year = {2015},
  series = {{{JMLR Workshop}} and {{Conference Proceedings}}},
  volume = {37},
  pages = {448--456},
  publisher = {{JMLR.org}}
}